ISA*00*          *00*          *ZZ*623080000000000*ZZ*870426777      *230131*1401*^*00501*000025091*1*P*:~
GS*HP*623080000000000*870426777*20230131*1401*25089*X*005010X221A1~
ST*835*0001~
BPR*I*3583.36*C*ACH*CCP*01*002003119*DA*0040008488*1591031071**01*121000248*DA*4877349423*20230201~
TRN*1*230128090045547*1591031071~
REF*EV*870426777~
REF*F2*1~
DTM*405*20230129~
N1*PR*Cigna Health and Life Insurance Company~
N3*P.O. BOX 182223~
N4*CHATTANOOGA*TN*374227223~
PER*BL*EDI HELP DESK*TE*8008103388~
N1*PE*ALL FL HOME HLTH SVC INC*XX*1306861208~
N3*4601 NW 77TH AVE # A~
N4*MIAMI*FL*331666449~
REF*TJ*650387460~
LX*1~
TS3*1306861208*34*20231231*5*5813~
CLP*4684*1*2394*1800*594*13*8222302693080*34*1~
NM1*QC*1*SZYDLO*MARIA****MI*U4638741002~
NM1*IL*1*SZYDLO*MARIA****MI*U4638741001~
REF*1L*3332199~
REF*CE*OPEN ACCESS PLUS~
DTM*050*20230126~
DTM*232*20221201~
DTM*233*20221223~
PER*CX*MEMBER SERVICES*TE*8002446224~
AMT*AU*1800~
SVC*HC:G0157*99*0*0421***1~
DTM*150*20221202~
DTM*151*20221202~
CAS*PR*119*99~
REF*6R*EI012523260641461-01~
LQ*HE*N130~
SVC*HC:G0157*99*0*0421***1~
DTM*150*20221205~
DTM*151*20221205~
CAS*PR*119*99~
REF*6R*EI012523260641461-02~
LQ*HE*N130~
SVC*HC:G0157*99*0*0421***1~
DTM*150*20221207~
DTM*151*20221207~
CAS*PR*119*99~
REF*6R*EI012523260641461-03~
LQ*HE*N130~
SVC*HC:G0157*99*0*0421***1~
DTM*150*20221209~
DTM*151*20221209~
CAS*PR*119*99~
REF*6R*EI012523260641461-04~
LQ*HE*N130~
SVC*HC:G0157*99*0*0421***1~
DTM*150*20221212~
DTM*151*20221212~
CAS*PR*119*99~
REF*6R*EI012523260641461-05~
LQ*HE*N130~
SVC*HC:G0157*99*0*0421***1~
DTM*150*20221214~
DTM*151*20221214~
CAS*PR*119*99~
REF*6R*EI012523260641461-06~
LQ*HE*N130~
SVC*HC:G0299*100*100*0551*1~
DTM*150*20221203~
DTM*151*20221203~
REF*6R*EI012523260641461-07~
AMT*B6*100~
SVC*HC:G0299*100*100*0551*1~
DTM*150*20221205~
DTM*151*20221205~
REF*6R*EI012523260641461-08~
AMT*B6*100~
SVC*HC:G0299*100*100*0551*1~
DTM*150*20221207~
DTM*151*20221207~
REF*6R*EI012523260641461-09~
AMT*B6*100~
SVC*HC:G0299*100*100*0551*1~
DTM*150*20221209~
DTM*151*20221209~
REF*6R*EI012523260641461-10~
AMT*B6*100~
SVC*HC:G0299*100*100*0551*1~
DTM*150*20221211~
DTM*151*20221211~
REF*6R*EI012523260641461-11~
AMT*B6*100~
SVC*HC:G0299*100*100*0551*1~
DTM*150*20221215~
DTM*151*20221215~
REF*6R*EI012523260641461-12~
AMT*B6*100~
SVC*HC:G0299*100*100*0551*1~
DTM*150*20221217~
DTM*151*20221217~
REF*6R*EI012523260641461-13~
AMT*B6*100~
SVC*HC:G0299*100*100*0551*1~
DTM*150*20221219~
DTM*151*20221219~
REF*6R*EI012523260641461-14~
AMT*B6*100~
SVC*HC:G0299*100*100*0551*1~
DTM*150*20221221~
DTM*151*20221221~
REF*6R*EI012523260641461-15~
AMT*B6*100~
SVC*HC:G0299*100*100*0551*1~
DTM*150*20221223~
DTM*151*20221223~
REF*6R*EI012523260641461-16~
AMT*B6*100~
SVC*HC:G0156*40*40*0571*1~
DTM*150*20221201~
DTM*151*20221201~
REF*6R*EI012523260641461-17~
AMT*B6*40~
SVC*HC:G0156*40*40*0571*1~
DTM*150*20221202~
DTM*151*20221202~
REF*6R*EI012523260641461-18~
AMT*B6*40~
SVC*HC:G0156*40*40*0571*1~
DTM*150*20221204~
DTM*151*20221204~
REF*6R*EI012523260641461-19~
AMT*B6*40~
SVC*HC:G0156*40*40*0571*1~
DTM*150*20221205~
DTM*151*20221205~
REF*6R*EI012523260641461-20~
AMT*B6*40~
SVC*HC:G0156*40*40*0571*1~
DTM*150*20221206~
DTM*151*20221206~
REF*6R*EI012523260641461-21~
AMT*B6*40~
SVC*HC:G0156*40*40*0571*1~
DTM*150*20221207~
DTM*151*20221207~
REF*6R*EI012523260641461-22~
AMT*B6*40~
SVC*HC:G0156*40*40*0571*1~
DTM*150*20221208~
DTM*151*20221208~
REF*6R*EI012523260641461-23~
AMT*B6*40~
SVC*HC:G0156*40*40*0571*1~
DTM*150*20221209~
DTM*151*20221209~
REF*6R*EI012523260641461-24~
AMT*B6*40~
SVC*HC:G0156*40*40*0571*1~
DTM*150*20221211~
DTM*151*20221211~
REF*6R*EI012523260641461-25~
AMT*B6*40~
SVC*HC:G0156*40*40*0571*1~
DTM*150*20221212~
DTM*151*20221212~
REF*6R*EI012523260641461-26~
AMT*B6*40~
SVC*HC:G0156*40*40*0571*1~
DTM*150*20221213~
DTM*151*20221213~
REF*6R*EI012523260641461-27~
AMT*B6*40~
SVC*HC:G0156*40*40*0571*1~
DTM*150*20221214~
DTM*151*20221214~
REF*6R*EI012523260641461-28~
AMT*B6*40~
SVC*HC:G0156*40*40*0571*1~
DTM*150*20221215~
DTM*151*20221215~
REF*6R*EI012523260641461-29~
AMT*B6*40~
SVC*HC:G0156*40*40*0571*1~
DTM*150*20221216~
DTM*151*20221216~
REF*6R*EI012523260641461-30~
AMT*B6*40~
SVC*HC:G0156*40*40*0571*1~
DTM*150*20221218~
DTM*151*20221218~
REF*6R*EI012523260641461-31~
AMT*B6*40~
SVC*HC:G0156*40*40*0571*1~
DTM*150*20221219~
DTM*151*20221219~
REF*6R*EI012523260641461-32~
AMT*B6*40~
SVC*HC:G0156*40*40*0571*1~
DTM*150*20221220~
DTM*151*20221220~
REF*6R*EI012523260641461-33~
AMT*B6*40~
SVC*HC:G0156*40*40*0571*1~
DTM*150*20221221~
DTM*151*20221221~
REF*6R*EI012523260641461-34~
AMT*B6*40~
SVC*HC:G0156*40*40*0571*1~
DTM*150*20221222~
DTM*151*20221222~
REF*6R*EI012523260641461-35~
AMT*B6*40~
SVC*HC:G0156*40*40*0571*1~
DTM*150*20221223~
DTM*151*20221223~
REF*6R*EI012523260641461-36~
AMT*B6*40~
CLP*3469*1*2800*1274.36*318.46*13*8432302606746*34*1~
NM1*QC*1*GONZALEZ*PATRICIO*A***MI*U6876049302~
NM1*IL*1*GONZALEZ*PATRICIO****MI*U6876049301~
REF*1L*3340729~
REF*CE*OPEN ACCESS PLUS IN-NETWORK~
DTM*050*20230126~
DTM*232*20221210~
DTM*233*20221229~
PER*CX*MEMBER SERVICES*TE*8002446224~
AMT*AU*1592.82~
SVC*HC:G0299*100*42.86*0551*1~
DTM*150*20221210~
DTM*151*20221210~
CAS*CO*45*46.43~
CAS*PR*2*10.71~
REF*6R*EI012523260641415-01~
AMT*B6*53.57~
SVC*HC:G0299*100*42.86*0551*1~
DTM*150*20221211~
DTM*151*20221211~
CAS*CO*45*46.43~
CAS*PR*2*10.71~
REF*6R*EI012523260641415-02~
AMT*B6*53.57~
SVC*HC:G0299*100*42.86*0551*1~
DTM*150*20221211~
DTM*151*20221211~
CAS*CO*45*46.43~
CAS*PR*2*10.71~
REF*6R*EI012523260641415-03~
AMT*B6*53.57~
SVC*HC:G0299*100*42.86*0551*1~
DTM*150*20221212~
DTM*151*20221212~
CAS*CO*45*46.43~
CAS*PR*2*10.71~
REF*6R*EI012523260641415-04~
AMT*B6*53.57~
SVC*HC:G0299*100*42.86*0551*1~
DTM*150*20221212~
DTM*151*20221212~
CAS*CO*45*46.43~
CAS*PR*2*10.71~
REF*6R*EI012523260641415-05~
AMT*B6*53.57~
SVC*HC:G0299*100*42.86*0551*1~
DTM*150*20221213~
DTM*151*20221213~
CAS*CO*45*46.43~
CAS*PR*2*10.71~
REF*6R*EI012523260641415-06~
AMT*B6*53.57~
SVC*HC:G0299*100*42.86*0551*1~
DTM*150*20221213~
DTM*151*20221213~
CAS*CO*45*46.43~
CAS*PR*2*10.71~
REF*6R*EI012523260641415-07~
AMT*B6*53.57~
SVC*HC:G0299*100*42.86*0551*1~
DTM*150*20221214~
DTM*151*20221214~
CAS*CO*45*46.43~
CAS*PR*2*10.71~
REF*6R*EI012523260641415-08~
AMT*B6*53.57~
SVC*HC:G0299*100*42.86*0551*1~
DTM*150*20221214~
DTM*151*20221214~
CAS*CO*45*46.43~
CAS*PR*2*10.71~
REF*6R*EI012523260641415-09~
AMT*B6*53.57~
SVC*HC:G0299*100*42.86*0551*1~
DTM*150*20221215~
DTM*151*20221215~
CAS*CO*45*46.43~
CAS*PR*2*10.71~
REF*6R*EI012523260641415-10~
AMT*B6*53.57~
SVC*HC:G0299*100*42.86*0551*1~
DTM*150*20221215~
DTM*151*20221215~
CAS*CO*45*46.43~
CAS*PR*2*10.71~
REF*6R*EI012523260641415-11~
AMT*B6*53.57~
SVC*HC:G0299*100*42.86*0551*1~
DTM*150*20221216~
DTM*151*20221216~
CAS*CO*45*46.43~
CAS*PR*2*10.71~
REF*6R*EI012523260641415-12~
AMT*B6*53.57~
SVC*HC:G0299*100*42.86*0551*1~
DTM*150*20221216~
DTM*151*20221216~
CAS*CO*45*46.43~
CAS*PR*2*10.71~
REF*6R*EI012523260641415-13~
AMT*B6*53.57~
SVC*HC:G0299*100*42.86*0551*1~
DTM*150*20221217~
DTM*151*20221217~
CAS*CO*45*46.43~
CAS*PR*2*10.71~
REF*6R*EI012523260641415-14~
AMT*B6*53.57~
SVC*HC:G0299*100*42.86*0551*1~
DTM*150*20221217~
DTM*151*20221217~
CAS*CO*45*46.43~
CAS*PR*2*10.71~
REF*6R*EI012523260641415-15~
AMT*B6*53.57~
SVC*HC:G0299*100*42.86*0551*1~
DTM*150*20221218~
DTM*151*20221218~
CAS*CO*45*46.43~
CAS*PR*2*10.71~
REF*6R*EI012523260641415-16~
AMT*B6*53.57~
SVC*HC:G0299*100*42.86*0551*1~
DTM*150*20221218~
DTM*151*20221218~
CAS*CO*45*46.43~
CAS*PR*2*10.71~
REF*6R*EI012523260641415-17~
AMT*B6*53.57~
SVC*HC:G0299*100*42.86*0551*1~
DTM*150*20221219~
DTM*151*20221219~
CAS*CO*45*46.43~
CAS*PR*2*10.71~
REF*6R*EI012523260641415-18~
AMT*B6*53.57~
SVC*HC:G0299*100*42.86*0551*1~
DTM*150*20221219~
DTM*151*20221219~
CAS*CO*45*46.43~
CAS*PR*2*10.71~
REF*6R*EI012523260641415-19~
AMT*B6*53.57~
SVC*HC:G0299*100*42.86*0551*1~
DTM*150*20221220~
DTM*151*20221220~
CAS*CO*45*46.43~
CAS*PR*2*10.71~
REF*6R*EI012523260641415-20~
AMT*B6*53.57~
SVC*HC:G0299*100*42.86*0551*1~
DTM*150*20221220~
DTM*151*20221220~
CAS*CO*45*46.43~
CAS*PR*2*10.71~
REF*6R*EI012523260641415-21~
AMT*B6*53.57~
SVC*HC:G0299*100*42.86*0551*1~
DTM*150*20221221~
DTM*151*20221221~
CAS*CO*45*46.43~
CAS*PR*2*10.71~
REF*6R*EI012523260641415-22~
AMT*B6*53.57~
SVC*HC:G0299*100*42.86*0551*1~
DTM*150*20221221~
DTM*151*20221221~
CAS*CO*45*46.43~
CAS*PR*2*10.71~
REF*6R*EI012523260641415-23~
AMT*B6*53.57~
SVC*HC:G0299*100*42.86*0551*1~
DTM*150*20221222~
DTM*151*20221222~
CAS*CO*45*46.43~
CAS*PR*2*10.71~
REF*6R*EI012523260641415-24~
AMT*B6*53.57~
SVC*HC:G0299*100*42.86*0551*1~
DTM*150*20221222~
DTM*151*20221222~
CAS*CO*45*46.43~
CAS*PR*2*10.71~
REF*6R*EI012523260641415-25~
AMT*B6*53.57~
SVC*HC:G0299*100*42.86*0551*1~
DTM*150*20221223~
DTM*151*20221223~
CAS*CO*45*46.43~
CAS*PR*2*10.71~
REF*6R*EI012523260641415-26~
AMT*B6*53.57~
SVC*HC:G0299*100*80*0551*1~
DTM*150*20221223~
DTM*151*20221223~
CAS*PR*2*20~
AMT*B6*100~
SVC*HC:G0299*100*80*0551*1~
DTM*150*20221229~
DTM*151*20221229~
CAS*PR*2*20~
AMT*B6*100~
CLP*5944*1*200*200**14*4222302697708*34*1~
NM1*QC*1*SIERRA ALVAREZ*JULIAN****MI*U7364216501~
REF*1L*3332199~
REF*CE*CIGNA SUREFIT~
DTM*050*20230126~
DTM*232*20221209~
DTM*233*20221216~
PER*CX*MEMBER SERVICES*TE*8002446224~
AMT*AU*200~
SVC*HC:G0299*100*100*0551*1~
DTM*150*20221209~
DTM*151*20221209~
REF*6R*EI012523260641452-01~
AMT*B6*100~
SVC*HC:G0299*100*100*0551*1~
DTM*150*20221216~
DTM*151*20221216~
REF*6R*EI012523260641452-02~
AMT*B6*100~
CLP*5999*1*319*209*110*13*9432302695699*34*1~
NM1*QC*1*PINTO FERREIRA*MARIA*P***MI*U0693486801~
REF*1L*3341355~
REF*CE*OPEN ACCESS PLUS IN-NETWORK~
DTM*050*20230126~
DTM*232*20221222~
DTM*233*20221226~
PER*CX*MEMBER SERVICES*TE*8002446224~
AMT*AU*319~
SVC*HC:G0151*120*70*0421*1~
DTM*150*20221222~
DTM*151*20221222~
CAS*PR*3*50~
REF*6R*EI012523260641445-01~
AMT*B6*120~
SVC*HC:G0157*99*49*0421*1~
DTM*150*20221226~
DTM*151*20221226~
CAS*PR*3*50~
REF*6R*EI012523260641445-02~
AMT*B6*99~
SVC*HC:G0299*100*90*0551*1~
DTM*150*20221222~
DTM*151*20221222~
CAS*PR*2*10~
REF*6R*EI012523260641445-03~
AMT*B6*100~
CLP*5834*1*100*100**13*8432302606745*34*1~
NM1*QC*1*GOMEZ HURTADO*LAZARO****MI*U8163535401~
REF*1L*3344576~
REF*CE*OPEN ACCESS PLUS~
DTM*050*20230126~
DTM*232*20221202~
DTM*233*20221202~
PER*CX*MEMBER SERVICES*TE*8002446224~
AMT*AU*100~
SVC*HC:G0299*100*100*0551*1~
REF*6R*EI012523260641410-01~
AMT*B6*100~
SE*473*0001~
GE*1*25089~
IEA*1*000025091~
